<?xml version="1.0" encoding="UTF-8"?><collection xmlns="http://www.loc.gov/MARC21/slim"><record><leader>00406nam--2200157-i-4500</leader><controlfield tag="001">000043393</controlfield><controlfield tag="002">20161230</controlfield><controlfield tag="005">20170208094712</controlfield><controlfield tag="008">060222s1000------------r-----000-0-eng-d</controlfield><datafield ind1=" " ind2=" " tag="040"><subfield code="a">IFIN-HH</subfield></datafield><datafield ind1=" " ind2=" " tag="080"><subfield code="a">530.12</subfield></datafield><datafield ind1=" " ind2=" " tag="100"><subfield code="a">Synge,J.L</subfield></datafield><datafield ind1=" " ind2=" " tag="245"><subfield code="a">Relativity the special theory</subfield></datafield><datafield ind1=" " ind2=" " tag="260"><subfield code="a">Amsterdam, North-Holland Publ.Comp ,1958. XIV + 450 P</subfield></datafield><datafield ind1=" " ind2=" " tag="852"><subfield code="a">75819</subfield><subfield code="b">530.12</subfield></datafield><datafield ind1=" " ind2=" " tag="CAT"><subfield code="a">SYS</subfield><subfield code="c">20170208</subfield><subfield code="h">094712</subfield></datafield></record></collection>